@article{coquand-towards,
  title={{Towards constructive homological algebra in type theory}},
  author={Coquand, T. and Spiwack, A.},
  journal={Towards Mechanized Mathematical Assistants},
  pages={40--54},
  publisher={Springer}
}

@proceedings{Bernardo,
  author    = {Bruno Bernardo},
  title     = {Towards an Implicit Calculus of Inductive Constructions},
  booktitle = {Emerging Trends section of TPHOLs 2009},
  year      = {2009},
  ee        = {http://www.lix.polytechnique.fr/~bernardo/writings/bernardo-towardsicic-tphols09-b.pdf},
}

@article{Werner08,
  author    = {Benjamin Werner},
  title     = {On the Strength of Proof-irrelevant Type Theories},
  journal   = {Logical Methods in Computer Science},
  volume    = {4},
  number    = {3},
  year      = {2008},
  ee        = {http://dx.doi.org/10.2168/LMCS-4(3:13)2008},
  bibsource = {DBLP, http://dblp.uni-trier.de}
}

@inproceedings{Barras:subset,
  author    = {Bruno Barras and
               Bruno Bernardo},
  title     = {The Implicit Calculus of Constructions as a Programming
               Language with Dependent Types},
  booktitle = {FoSSaCS},
  year      = {2008},
  pages     = {365-379},
  ee        = {http://dx.doi.org/10.1007/978-3-540-78499-9_26},
  crossref  = {DBLP:conf/fossacs/2008},
  bibsource = {DBLP, http://dblp.uni-trier.de}
}

@proceedings{DBLP:conf/fossacs/2008,
  editor    = {Roberto M. Amadio},
  title     = {Foundations of Software Science and Computational Structures,
               11th International Conference, FOSSACS 2008, Held as Part
               of the Joint European Conferences on Theory and Practice
               of Software, ETAPS 2008, Budapest, Hungary, March 29 - April
               6, 2008. Proceedings},
  booktitle = {FoSSaCS},
  publisher = {Springer},
  series    = {Lecture Notes in Computer Science},
  volume    = {4962},
  year      = {2008},
  isbn      = {978-3-540-78497-5},
  bibsource = {DBLP, http://dblp.uni-trier.de}
}

@Book{Bishop/Bridges:1985,
  Author         = {Errett Bishop and Douglas Bridges},
  Title          = {{Constructive analysis}},
  Publisher      = {Springer-Verlag},
  Volume         = {279},
  Series         = {{Grundlehren der Mathematischen Wissenschaften}},
  year           = 1985
}

@article{awodey2004propositions,
  title={{Propositions as [types]}},
  author={Awodey, S. and Bauer, A.},
  journal={Journal of Logic and Computation},
  volume={14},
  number={4},
  pages={447},
  year={2004},
  publisher={Oxford Univ Press}
}

@article{pollack2000dependently,
  title={{Dependently typed records for representing mathematical structure}},
  author={Pollack, R.},
  journal={Theorem Proving in Higher Order Logics, TPHOLs},
  volume={1869},
  year={2000},
  publisher={Springer}
}

@article{barras2008implicit,
  title={{The Implicit Calculus of Constructions as a programming language with dependent types}},
  author={Barras, B. and Bernardo, B.},
  journal={Lecture Notes in Computer Science},
  volume={4962},
  pages={365},
  year={2008},
  publisher={Springer}
}

@conference{miquel2001implicit,
  title={{The implicit calculus of constructions: Extending pure type systems with an intersection type binder and subtyping}},
  author={Miquel, A.},
  booktitle={Proc. of 5th Int. Conf. on Typed Lambda Calculi and Applications, TLCA'01, Krakow},
  volume={2044},
  pages={344--359},
  pages={2--5},
  year={2001},
}

@inproceedings{lcf:spi:03,
        author       = "L. Cruz-Filipe and B. Spitters",
        booktitle    = "Theorem Proving in Higher Order Logics, 16th International Conference, TPHOLs 2003",
        editor       = "D. Basin and B. Wolff",
        pages        = "205--220",
        publisher    = "Springer--Verlag",
        series       = "LNCS",
        title        = "Program Extraction from Large Proof Developments",
        volume       = "2758",
        year         = "2003"
}

@incollection{ITT,
    AUTHOR = {Martin-L\"{o}f, Per},
     TITLE = {An intuitionistic theory of types},
 BOOKTITLE = {Twenty-five years of constructive type theory (Venice, 1995)},
    SERIES = {Oxford Logic Guides},
    VOLUME = {36},
     PAGES = {127--172},
 PUBLISHER = {Oxford Univ. Press},
       YEAR = {1998},
   }


@incollection{CMCP,
    AUTHOR = {Martin-L\"{o}f, Per},
     TITLE = {Constructive mathematics and computer programming},
 BOOKTITLE = {Logic, methodology and philosophy of science, VI (Hannover,
              1979)},
    SERIES = {Stud. Logic Found. Math.},
    VOLUME = {104},
     PAGES = {153--175},
 PUBLISHER = {North-Holland},
   ADDRESS = {Amsterdam},
      YEAR = {1982}
}

@conference{saibi1995constructive,
  title={{Constructive category theory}},
  author={Saibi, A. and Rocquencourt, I.},
  booktitle={Proceedings of the Joint CLICS-TYPES Workshop on Categories and Type Theory, Goteborg},
  year={1995},
  organization={Citeseer}
}

@article{asperti2009compact,
  title={{A compact kernel for the Calculus of Inductive Constructions}},
  author={Asperti, A. and Ricciotti, W. and Sacerdoti Coen, C. and Tassi, E.},
  journal={Sadhana},
  volume={34},
  number={1},
  pages={71--144},
  year={2009},
  publisher={Springer}
}

@conference{boldo2009combining,
  title={{Combining Coq and Gappa for Certifying Floating-Point Programs}},
  author={Boldo, S. and Filli{\^a}tre, J.C. and Melquiond, G.},
  booktitle={Proceedings of the 16th Symposium, 8th International Conference. Held as Part of CICM'09 on Intelligent Computer Mathematics},
  pages={74},
  year={2009},
  organization={Springer}
}

@Book{Bishop67,
  Author         = {Errett A. Bishop},
  Title          = {{Foundations of constructive analysis}},
  Publisher      = {McGraw-Hill Publishing Company, Ltd.},
  keywords       = {{recursion theory, constructive mathematics}},
  language       = {{English}},
  year           = 1967
}

@InCollection{Bishop:num,
  Author         = {Errett Bishop},
  Title          = {Mathematics as a numerical language},
  BookTitle      = {Intuitionism and Proof Theory (Proceedings of the
                   summer Conference at Buffalo, N.Y., 1968)},
  Publisher      = {North-Holland},
  Pages          = {53--71},
  Address        = {Amsterdam},
  year           = 1970
}

@Proceedings{typesreal,
  Title          = {Constructive analysis, types and exact real numbers, special issue of {M}athematical {S}tructures in {C}omputer {S}cience},
  Editor         = {B. Spitters and H. Geuvers and M. Niqui and F. Wiedijk},
  volume	=17,
  number	=1,
  year           = 2007
}

@Article{typesreal-article,
  Author         = {H. Geuvers and M. Niqui and B. Spitters and F. Wiedijk},
  Title          = {Constructive analysis, types and exact real numbers (overview article)},
  Journal        = {Mathematical Structures in Computer Science},
  Volume	= 17,
  number	= 1,
  Pages          = {3--36},
  year           = 2007
}

@incollection{CoquandPaulin,
    AUTHOR = {Coquand, Thierry and Paulin, Christine},
     TITLE = {Inductively defined types},
 BOOKTITLE = {C{OLOG}-88 ({T}allinn, 1988)},
    SERIES = {LNCS},
    VOLUME = {417},
     PAGES = {50--66},
 PUBLISHER = {Springer},
   ADDRESS = {Berlin},
      YEAR = {1990}
}

@article{CoquandHuet,
    AUTHOR = {Coquand, Thierry and Huet, G{\'e}rard},
     TITLE = {The calculus of constructions},
   JOURNAL = {Inform. and Comput.},
  FJOURNAL = {Information and Computation},
    VOLUME = {76},
      YEAR = {1988},
    NUMBER = {2-3},
     PAGES = {95--120}
}

@book{Hofmann,
    AUTHOR = {Hofmann, Martin},
     TITLE = {Extensional constructs in intensional type theory},
    SERIES = {CPHC/BCS Distinguished Dissertations},
 PUBLISHER = {Springer-Verlag London Ltd.},
   ADDRESS = {London},
      YEAR = {1997},
     PAGES = {xii+214},
      ISBN = {3-540-76121-7}
}

@article{Capretta,
    AUTHOR = {Barthe, Gilles and Capretta, Venanzio and Pons, Olivier},
     TITLE = {Setoids in type theory},
      NOTE = {Special issue on ``Logical frameworks and metalanguages''},
   JOURNAL = {J. Funct. Programming},
  FJOURNAL = {Journal of Functional Programming},
    VOLUME = {13},
      YEAR = {2003},
    NUMBER = {2},
     PAGES = {261--293},
      ISSN = {0956-7968}
}

@conference{meinke1993universal,
  title={{Universal algebra}},
  author={Meinke, K. and Tucker, JV},
  booktitle={Handbook of logic in computer science (vol. 1)},
  pages={368},
  year={1993},
  organization={Oxford University Press, Inc.}
}

@misc{MonadsGrafting,
  author={sigfpe},
  title={Monads are Trees with Grafting},
  note={\url{https://dl.dropbox.com/u/828035/Monads/monads.pdf}},
  year={2010},
  month=january
}

@article{asperti2007user,
  title={{User interaction with the Matita proof assistant}},
  author={Asperti, A. and Sacerdoti Coen, C. and Tassi, E. and Zacchiroli, S.},
  journal={Journal of Automated Reasoning},
  volume={39},
  number={2},
  pages={109--139},
  year={2007},
  publisher={Springer}
}

@phdthesis{ZumkellerPhD,
author={Roland Zumkeller},
title={Global Optimization in Type Theory},
school={\'Ecole Polytechnique. Paris},
year=2008
}

@article{bertot2008canonical,
  title={{Canonical big operators}},
  author={Bertot, Y. and Gonthier, G. and Biha, S.O. and Pasca, I.},
  journal={Lecture Notes in Computer Science},
  volume={5170},
  pages={86--101},
  year={2008},
  publisher={Springer}
}

@article{pitts2001categorical,
  title={{Categorical logic}},
  author={Pitts, A.M.},
  journal={Handbook of Logic in Computer Science: Logic and algebraic methods},
  pages={39},
  year={2001},
  publisher={Oxford University Press, USA}
}

@article{corbineau2007deciding,
  title={{Deciding equality in the constructor theory}},
  author={Corbineau, P.},
  journal={Lecture Notes in Computer Science},
  volume={4502},
  pages={78},
  year={2007},
  publisher={Springer}
}

@article{palmgren2007partial,
  title={{Partial Horn logic and cartesian categories}},
  author={Palmgren, E. and Vickers, SJ},
  journal={Annals of Pure and Applied Logic},
  volume={145},
  number={3},
  pages={314--353},
  year={2007},
  publisher={Elsevier}
}

@conference{danielsson2009parsing,
  title={{Parsing mixfix operators}},
  author={Danielsson, N.A. and Norell, U.},
  booktitle={proceedings of the 20th International Symposium on the Implementation and Application of Functional Languages (IFL 2008)},
  year={2009}
}

@conference{dominguez2008formalizing,
  title={{Formalizing in Coq Hidden Algebras to Specify Symbolic Computation Systems}},
  author={Dom{\i}nguez, C.},
  booktitle={AISC},
  pages={270--284},
  year={2008},
  organization={Springer}
}

@article{Setoid-rewrite,
	author={M. Sozeau},
	title={A New Look at Generalized Rewriting in Type Theory},
	journal={Journal of Formalized Reasoning},
	pages={41-62},
	volume=2,
	number=1,
	year=2009
}

@book{Coq,
        author = {The Coq Development Team},
        title = {The {C}oq Proof Assistant Reference Manual},
        publisher = {INRIA-Rocquencourt},
        year = {2008}
}

@Book{BC04,
  author       = "Bertot, Yves and Cast\'eran, Pierre",
  title        = "Interactive Theorem Proving and Program Development. Coq'Art: The Calculus of Inductive Constructions",
  series       = "Texts in Theoretical Computer Science",
  year         = "2004",
  publisher    = "Springer Verlag",
}

@article{DBLP:journals/jsc/GeuversPWZ02,
  author    = {H. Geuvers and
               R. Pollack and
               F. Wiedijk and
               J. Zwanenburg},
  title     = {A Constructive Algebraic Hierarchy in {C}oq},
  journal   = {J. Symb. Comput.},
  volume    = {34},
  number    = {4},
  year      = {2002},
  pages     = {271-286},
  ee        = {http://dx.doi.org/10.1006/jsco.2002.0552},
  bibsource = {DBLP, http://dblp.uni-trier.de}
}

@inproceedings{DBLP:conf/types/HaftmannW08,
  author    = {F. Haftmann and M. Wenzel},
  title     = {Local Theory Specifications in {I}sabelle/{I}sar},
  booktitle = {TYPES},
  year      = {2008},
  pages     = {153-168},
  ee        = {http://dx.doi.org/10.1007/978-3-642-02444-3_10},
  crossref  = {DBLP:conf/types/2008},
  bibsource = {DBLP, http://dblp.uni-trier.de}
}

@inproceedings{C-corn,
  author    = {L. Cruz-Filipe and H. Geuvers and F. Wiedijk},
  title     = {{C-CoRN}, the {C}onstructive {C}oq {R}epository at {N}ijmegen},
  booktitle = {MKM},
  year      = {2004},
  pages     = {88-103},
  ee        = {http://springerlink.metapress.com/openurl.asp?genre=article{\&}issn=0302-9743{\&}volume=3119{\&}spage=88},
  crossref  = {DBLP:conf/mkm/2004},
  bibsource = {DBLP, http://dblp.uni-trier.de}
}

@proceedings{DBLP:conf/mkm/2004,
  editor    = {A. Asperti and
               G. Bancerek and
               A. Trybulec},
  title     = {Mathematical Knowledge Management, Third International Conference,
               MKM 2004, Bialowieza, Poland, September 19-21, 2004, Proceedings},
  booktitle = {MKM},
  publisher = {Springer},
  series    = {LNCS},
  volume    = {3119},
  year      = {2004},
  isbn      = {3-540-23029-7},
  bibsource = {DBLP, http://dblp.uni-trier.de}
}

@inproceedings{DBLP:conf/tphol/SozeauO08,
  author    = {Matthieu Sozeau and
               Nicolas Oury},
  title     = {First-Class Type Classes},
  booktitle = {TPHOLs},
  year      = {2008},
  pages     = {278-293},
  ee        = {http://dx.doi.org/10.1007/978-3-540-71067-7_23},
  crossref  = {DBLP:conf/tphol/2008},
  bibsource = {DBLP, http://dblp.uni-trier.de}
}

@proceedings{DBLP:conf/tphol/2008,
  editor    = {Otmane A\"{\i}t Mohamed and
               C{\'e}sar Mu{\~n}oz and
               Sofi{\`e}ne Tahar},
  title     = {Theorem Proving in Higher Order Logics, 21st International
               Conference, TPHOLs 2008, Montreal, Canada, August 18-21,
               2008. Proceedings},
  booktitle = {TPHOLs},
  publisher = {Springer},
  series    = {LNCS},
  volume    = {5170},
  year      = {2008},
  isbn      = {978-3-540-71065-3},
  bibsource = {DBLP, http://dblp.uni-trier.de}
}

@inproceedings{Packed,
  author    = {F. Garillot and
               G. Gonthier and
               A. Mahboubi and
               L. Rideau},
  title     = {Packaging Mathematical Structures},
  booktitle = {TPHOLs},
  year      = {2009},
  pages     = {327-342},
  ee        = {http://dx.doi.org/10.1007/978-3-642-03359-9_23},
  crossref  = {DBLP:conf/tphol/2009},
  bibsource = {DBLP, http://dblp.uni-trier.de}
}

@proceedings{DBLP:conf/tphol/2009,
  editor    = {S. Berghofer and
               T. Nipkow and
               C. Urban and
               M. Wenzel},
  title     = {Theorem Proving in Higher Order Logics, 22nd International
               Conference, TPHOLs 2009, Munich, Germany, August 17-20,
               2009. Proceedings},
  booktitle = {TPHOLs},
  publisher = {Springer},
  series    = {LNCS},
  volume    = {5674},
  year      = {2009},
  isbn      = {978-3-642-03358-2},
  ee        = {http://dx.doi.org/10.1007/978-3-642-03359-9},
  bibsource = {DBLP, http://dblp.uni-trier.de}
}

@InProceedings{letouzey02,
  author =       {Pierre Letouzey},
  title =        {{A New Extraction for Coq}},
  booktitle =    {{Types for Proofs and Programs, Second International Workshop, TYPES 2002, Berg en Dal, The Netherlands, April 24-28, 2002}},
  publisher =    {Springer-Verlag},
  series =       {Lecture Notes in Computer Science},
  volume =       2646,
  year =         2003,
  editor =       {Herman Geuvers and Freek Wiedijk}
}

@inproceedings{DBLP:conf/tphol/Capretta99,
  author    = {V. Capretta},
  title     = {Universal Algebra in Type Theory},
  booktitle = {TPHOLs},
  year      = {1999},
  pages     = {131-148},
  ee        = {http://link.springer.de/link/service/series/0558/bibs/1690/16900131.htm},
  crossref  = {DBLP:conf/tphol/1999},
  bibsource = {DBLP, http://dblp.uni-trier.de}
}

@proceedings{DBLP:conf/tphol/1999,
  editor    = {Y. Bertot and
               G. Dowek and
               A. Hirschowitz and
               C. Paulin and
               L. Th{\'e}ry},
  title     = {Theorem Proving in Higher Order Logics, 12th International
               Conference, TPHOLs'99, Nice, France, September, 1999, Proceedings},
  booktitle = {TPHOLs},
  publisher = {Springer},
  series    = {LNCS},
  volume    = {1690},
  year      = {1999},
  isbn      = {3-540-66463-7},
  bibsource = {DBLP, http://dblp.uni-trier.de}
}


@inproceedings{DBLP:conf/types/Luo08,
  author    = {Z. Luo},
  title     = {Manifest Fields and Module Mechanisms in Intensional Type
               Theory},
  booktitle = {TYPES},
  year      = {2008},
  pages     = {237-255},
  ee        = {http://dx.doi.org/10.1007/978-3-642-02444-3_15},
  crossref  = {DBLP:conf/types/2008},
  bibsource = {DBLP, http://dblp.uni-trier.de}
}

@proceedings{DBLP:conf/types/2008,
  editor    = {S. Berardi and
               F. Damiani and
               U. de'Liguoro},
  title     = {Types for Proofs and Programs, International Conference,
               TYPES 2008, Torino, Italy, March 26-29, 2008, Revised Selected
               Papers},
  booktitle = {TYPES},
  publisher = {Springer},
  series    = {LNCS},
  volume    = {5497},
  year      = {2009},
  isbn      = {978-3-642-02443-6},
  ee        = {http://dx.doi.org/10.1007/978-3-642-02444-3},
  bibsource = {DBLP, http://dblp.uni-trier.de}
}

@conference{Hints,
  title={{Hints in unification}},
  author={Asperti, A. and Ricciotti, W. and Coen, C.S. and Tassi, E.},
  booktitle={Proceedings of the 22nd International Conference on Theorem Proving in Higher Order Logics},
  pages={98},
  year={2009},
  organization={Springer}
}

@article{Riemann,
	title = "A computer verified, monadic, functional implementation of the integral.",
	author = "Russell O'Connor and Bas Spitters",
	year = "2009",
	note = "Accepted for publication, preprint available at \url{http://arxiv.org/abs/0809.1552}",
	url = "http://arxiv.org/abs/0809.1552",
	journal ="Theoretical Computer Science",
}

@inproceedings{Oconnor:real,
  author    = {Russell O'Connor},
  title     = {Certified Exact Transcendental Real Number Computation in {C}oq},
  booktitle = {TPHOLs},
  year      = {2008},
  pages     = {246-261},
  crossref  = {tphol:2008}
}

@proceedings{tphol:2008,
  editor    = {Otmane Ait-Mohamed},
  title     = {Theorem Proving in Higher Order Logics, 21st International
               Conference, TPHOLs 2008, Montr{e'}al, Canada, August 18-21, 2008,
               Proceedings},
  booktitle = {TPHOLs},
  publisher = {Springer},
  series    = {Lecture Notes in Computer Science},
  volume    = {5170},
  year      = {2008}
}
