@book{bishop1967,
        author       = "E. Bishop",
        publisher    = "McGraw-Hill",
        title        = "Foundations of Constructive Analysis",
        year         = "1967"
}

@book{cohen1999,
        author       = "A. Cohen and H. Cuypers and H. Sterk",
        title        = "Algebra Interactive!",
        publisher    = "Springer",
        year         = "1999"
}

@phdthesis{mayero2001,
        author       = "M. Mayero",
        month        = dec,
        school       = "Universit{\'e} {P}aris {VI}",
        title        = "Formalisation et automatisation de preuves en analyses r{\'e}elle et num{\'e}rique",
        year         = "2001"
}

@article{geuvers2002,
        author       = "H. Geuvers and R. Pollack and 
                        F. Wiedijk and J. Zwanenburg",
        editor       = "S. Linton and R. Sebasitani",
        journal      = "Journal of Symbolic Computation",
        pages        = "271--286",
        publisher    = "Elsevier",
        title        = "The Algebraic Hierarchy of the {FTA} {P}roject",
        year         = "2002"
}

@inproceedings{niqui2002,
        author       = "H. Geuvers and M. Niqui",
        crossref     = "types2000",
        pages        = "79--95",
        title        = "Constructive Reals in {C}oq: Axioms and Categoricity"
}

@inproceedings{cairns2003,
        author       = "P. Cairns and J. Gow",
        crossref     = "mkm2003",
        pages        = "175--187",
        title        = "A Theoretical Analysis of Hierarchical Proofs"
}

@inproceedings{guidi2003,
        author       = "F. Guidi and I. Schena",
        crossref     = "mkm2003",
        pages        = "105--118",
        title        = "A Query Language for a Metadata Framework about Mathematical Resources"
}

@inproceedings{sacerdotti2003,
        author       = "C. Sacerdotti Coen",
        crossref     = "mkm2003",
        pages        = "30--44",
        title        = "From Proof Asistants to Digital Libraries of
                        Mathematics: Tips and Pitfalls"
}

@inproceedings{cfilipe2003,
        author       = "L. Cruz-Filipe",
        crossref     = "types2002",
        pages        = "108--126",
        title        = "A Constructive Formalization of the {Fundamental Theorem of Calculus}"
}

@inproceedings{spitters2003,
        author       = "L. Cruz-Filipe and B. Spitters",
        crossref     = "tphols2003",
        pages        = "205--220",
        title        = "Program Extraction from Large Proof Developments"
}

@inproceedings{letouzey2003,
        author      = "P. Letouzey",
        crossref    = "types2002",
        pages       = "200--219",
        title       = "A New Extraction for {Coq}"
}

@inproceedings{geuvers2001,
        author      = "H. Geuvers and F. Wiedijk and J. Zwanenburg",
        crossref    = "types2000",
        pages       = "96--111",
        title       = "A Constructive Proof of the {Fundamental Theorem of Algebra} without using the Rationals"
}

@inproceedings{geuvers2000,
        author      = "H. Geuvers and F. Wiedijk and J. Zwanenburg",
        crossref    = "tphols2000",
        pages       = "162--178",
        title       = "Equational Reasoning via Partial Reflection"
}

@manual{coqmanual,
        month        = jan,
        organization = "The Coq Development Team",
        title        = "The {C}oq Proof Assistant Reference Manual, Version $7.2$",
        year         = "2002",
        note         = "\url{http://pauillac.inria.fr/coq/doc/main.html}"
}        

@manual{pvs,
        author       = "N. Shankar and S. Owre and J. M. Rushby and D.W.J. Stringer-Calvert",
        month        = dec,
        organization = "{SRI} International",
        title        = "The {PVS} System Guide",
        year         = "2001",
        note         = "\url{http://pvs.csl.sri.com/}"
}

@manual{hol,
        author       = "K. Slind",
        month        = jan,
        organization = "Cambridge University Computer Laboratory",
        title        = "HOL98 Draft User's Manual",
        year         = "1999",
	note         = "\url{http://hol.sourceforge.net/}"
}

@manual{coqdocmanual,
        author       = "J.-C. Filli{\^a}tre",
        month        = sep,
        organization = "The Coq Development Team",
        title        = "CoqDoc: a Documentation Tool for Coq, Version $1.05$",
        year         = "2003",
        note         = "\url{http://www.lri.fr/~filliatr/coqdoc/}"
}        

@techreport{cfilipe2002,
        address      = "Hampton, VA",
        author       = "L. Cruz-Filipe",
        booktitle    = "Theorem Proving in Higher Order Logics",
        editor       = "Vitor Carre{\~n}o and C{\'e}sar Mu{\~n}oz and 
                        Sofi{\`e}ne Tahar",
        institution  = "NASA",
        pages        = "158--166",
        series       = "NASA Conference Proceedings",
        title        = "Formalizing Real Calculus in {C}oq",
        year         = "2002"
}

@proceedings{mkm2003,
        booktitle   = "Mathematical Knowledge Management, 2nd  Int.\ 
                       Conf., MKM 2003",
        editor      = "A. Asperti and B. Buchberger and J. Davenport",
        publisher   = "Springer",
        series      = "LNCS",
        title       = "Mathematical Knowledge Management, 2nd  International 
                       Conference, MKM 2003",
        volume      = "2594",
        year        = "2003"
}



@proceedings{tphols2000,
        booktitle   = "TPHOLs 2000",
        publisher   = "Springer",
        series      = "LNCS",
        title       = "Theorem Proving in Higher Order Logics, 13th International Conference, TPHOLs 2000",
        volume      = "1869",
        year        = "2000"
}

@proceedings{tphols2003,
        booktitle   = "TPHOLs 2003",
        publisher   = "Springer",
        series      = "LNCS",
        title       = "Theorem Proving in Higher Order Logics, 16th International Conference, TPHOLs 2003",
        volume      = "",
        year        = "2003"
}

@proceedings{types2000,
        booktitle    = "Types for Proofs and Programs, Proceedings of {TYPES} 2000",
        editor       = "P. Callaghan and Z. Luo and J. McKinna and R. Pollack",
        publisher    = "Springer",
        series       = "LNCS",
        title        = "Types for Proofs and Programs, Proceedings of the International Workshop TYPES 2000",
        volume       = "2277",
        year         = "2001"
}

@proceedings{types2002,
        booktitle    = "Types for Proofs and Programs",
        editor       = "H. Geuvers and F. Wiedijk",
        publisher    = "Springer-Verlag",
        series       = "LNCS",
        title        = "Types for Proofs and Programs",
        volume       = "2464",
        year         = "2003"
}

@book{mizar,
        author       = "M. Muzalewski",
        title        = "An Outline of PC Mizar",
        publisher    = "Fond.\ Philippe le Hodey",
        address      = "Brussels",
        year         = 1993,
        note         = "\url{http://www.cs.kun.nl/~freek/mizar/mizarmanual.ps.gz}"
}

@inproceedings{OMDoc,
        author      = "M. Kohlhase",
        title       = "{OMDoc: Towards an Internet Standard for the Administration, Distribution and Teaching of Mathematical Knowledge}",
        booktitle   = "Proceedings of Artificial Intelligence and Symbolic Computation",
        series      = "LNAI",
        publisher   = "Springer-Verlag",
        year        = 2000
}

@inproceedings{mowgli,
        author       = "A. Asperti and B. Wegner",
        title        = "{MOWGLI -- A New Approach for the Content Description in Digital Documents}",
        booktitle    = "{Proc. of the 9th Intl. Conference on Electronic Resources and the Social Role of Libraries in the Future}",
        section      = 4,
        volume       = 1,
        address      = "Autonomous Republic of Crimea, Ukraine",
        year         = 2002
}

@book{Isar,
        author       = "T. Nipkow and L.C. Paulson and M. Wenzel",
        title        = "Isabelle/HOL --- A Proof Assistant for Higher-Order Logic",
        series       = "LNCS",
        volume       = "2283",
        publisher    = "Springer",
        year         = 2002
}

@book{nuprl,
        author       = "Constable, Robert L. and others",
        title        = "Implementing Mathematics with the {N}uprl Development System",
        publisher    = "Prentice-Hall",
        address      = "NJ",
        year         = 1986
}

@misc{calculemus,
        key          = "calculemus",
        title        = "{The CALCULEMUS Initiative}",
        note         = "\url{http://www.calculemus.net/}"
}

@misc{openmath,
        author       = "O. Caprotti and D.P. Carlisle and A.M. Cohen",
        title        = "{The OpenMath Standard, version 1.1}",
        publisher    = "The OpenMath Esprit Consortium",
        year         = 2002,
        note         = "\url{http://www.openmath.org/cocoon/openmath/standard/}"
}

@inproceedings{hol-to-nuprl,
        author       = "P. Naumov and M.-O. Stehr and J. Meseguer",
        title        = "{The HOL/NuPRL Proof Translator: A Practical Approach
                        to Formal Interoperability}",
        booktitle    = "TPHOLs 2001",
        editor       = "R.J. Boulton and P.B. Jackson",
        series       = "LNCS",
        volume       = 2152,
        publisher    = "Springer",
        pages        = "329--345",
        year         = 2001
}

@manual{hol-light,
       author        = "J. Harrison",
       title         = "{The HOL Light manual (1.1)}",
       year          = 2000,
       note          = "\url{http://www.cl.cam.ac.uk/users/jrh/hol-light/manual-1.1.ps.gz}"
}

@misc{ccorn,
       key           = "C-CoRN",
       title         = "{Constructive Coq Repository at Nijmegen}",
       note          = "\url{http://c-corn.cs.kun.nl/}"
}

@phdthesis{bailey1998,
       author        = "A. Bailey",
       title         = "{The machine-checked literate formalisation of algebra in type theory}",
       school        = "University of Manchester",
       year          = 1998
}

@inproceedings{theorema,
       author        = "Buchberger, B. and others",
       title         = "{An Overview on the Theorema project}",
       booktitle     = "Proceedings of ISSAC'97",
       editor        = "Kuechlin, W.",
       publisher     = "ACM Press",
       address       = "Maui, Hawaii",
       year          = 1997
}

@inproceedings{omega,
       author        = "Siekmann, J. and others",
       title         = "{Proof Development with Omega}",
       booktitle     = "Proceedings of CADE-18",
       series        = "LNAI",
       publisher     = "Springer-Verlag",
       year          = "2002"
}

