@article{kne:81,
        author       = "M. Kneser",
        title        = "Erg{\"a}nzung zu einer Arbeit von Hellmuth Kneser {\"u}ber den Fundamentalsatz der Algebra",
        journal      = "Math.\ Zeitschrift",
        pages        = "285--287",
        volume       = 177,
        year         = 1981
}

@inproceedings{thery:98,
        author       = "L. Th{\'e}ry",
        booktitle    = "Automated Deduction -- CADE-15: 15th International Conference on Automated Deduction, Lindau, Germany, July 1998",
        editor       = "C. Kirchner and H. Kirchner",
        pages        = "349--364",
        publisher    = "Springer--Verlag",
        series       = "LNCS",
        title        = "A Certified Version of {B}uchberger's Algorithm",
        volume       = "1421",
        year         = "1998"
}

@inproceedings{geu:niq:02,
        author       = "H. Geuvers and M. Niqui",
        crossref     = "types2000",
        pages        = "79--95",
        title        = "Constructive Reals in {C}oq: Axioms and Categoricity"
}

@inproceedings{geu:wie:zwa:01,
        author       = "H. Geuvers and F. Wiedijk and J. Zwanenburg",
        crossref     = "types2000",
        pages        = "96--111",
        title        = "A Constructive Proof of the {Fundamental Theorem of Algebra} without using the Rationals"
}

@proceedings{types2000,
        booktitle    = "Types for Proofs and Programs, Proceedings of the International Workshop {TYPES} 2000",
        editor       = "P. Callaghan and Z. Luo and J. McKinna and R. Pollack",
        publisher    = "Springer--Verlag",
        series       = "LNCS",
        title        = "Types for Proofs and Programs, Proceedings of the International Workshop TYPES 2000",
        volume       = "2277",
        year         = "2001"
}

@inproceedings{lcf:spi:03,
        author       = "L. Cruz-Filipe and B. Spitters",
        booktitle    = "Theorem Proving in Higher Order Logics, 16th International Conference, TPHOLs 2003",
        editor       = "D. Basin and B. Wolff",
        pages        = "205--220",
        publisher    = "Springer--Verlag",
        series       = "LNCS",
        title        = "Program Extraction from Large Proof Developments",
        volume       = "2758",
        year         = "2003"
}

@inproceedings{lcf:geu:wie:04a,
        author       = "L. Cruz-Filipe and H. Geuvers and F. Wiedijk",
        booktitle    = "Mathematical Knowledge Management, Third International Conference, MKM 2004",
        editor       = "A. Asperti and G. Bancerek and A. Trybulec",
        pages        = "88--103",
        publisher    = "Springer--Verlag",
        series       = "LNCS",
        title        = "{C-CoRN: the Constructive Coq Repository at Nijmegen}",
        volume       = "3119",
        year         = "2004"
}

@inproceedings{let:03,
        author       = "P. Letouzey",
        booktitle    = "Types for Proofs and Programs",
        editor       = "H. Geuvers and F. Wiedijk",
        pages        = "200--219",
        publisher    = "Springer--Verlag",
        series       = "LNCS",
        title        = "A New Extraction for {Coq}",
        volume       = "2646",
        year         = "2003"
}

@phdthesis{let:04,
        author       = "P. Letouzey",
        month        = jul,
        school       = "Universit{\'e} Paris-Sud",
        title        = "Programmation functionnelle certifi{\'e}e -- L'extraction de programmes dans l'assistant {Coq}",
        year         = "2004"
}

@phdthesis{lcf:04,
        author       = "L. Cruz-Filipe",
        month        = apr,
        school       = "University of Nijmegen",
        title        = "Constructive Real Analysis: a Type-Theoretical Formalization and Applications",
        year         = "2004"
}

@inproceedings{niq:ber:04,
        author       = "M. Niqui and Y. Bertot",
        booktitle    = "Types for Proofs and Programs",
        editor       = "S. Berardi and M. Coppo and F. Damiani",
        pages        = "309--323",
        publisher    = "Springer--Verlag",
        series       = "LNCS",
        title        = "{QArith}: {Coq} Formalisation of Lazy Rational Arithmetic",
        volume       = "3085",
        year         = "2004"
}

@manual{coqmanual,
        author       = "The Coq Development Team",
        month        = feb,
        note         = "Available at \url{http://coq.inria.fr}",
        publisher    = "INRIA -- Rocquencourt",
        title        = "The {Coq} Proof Assistant Reference Manual Version 8.0",
        year         = "2004"
}

@manual{ocaml,
        author       = "X. Leroy and J. Vouillon and D. Doliguez and J. Garrigue and D. R{\'}emy",
        month        = sep,
        note         = "Available at \url{http://caml.inria.fr/}",
        title        = "The Objective Caml system -- release $3.07$",
        year         = 2003
}

@manual{haskell,
        author       = "S. Peyton Jones et al.",
        note         = "Available at \url{http://haskell.org/}",
        title        = "Haskell 98, a Non-Strict, Purely Functional Language",
        year         = 1999
}


@inproceedings{moh:89a,
        address      = "Austin",
        author       = "C. Paulin-Mohring",
        booktitle    = "Sixteenth Annual ACM Symposium on Principles of Programming Languages",
        month        = jan,
        publisher    = "{ACM} Press",
        title        = "Extracting ${F}_{\omega}$'s Programs from Proofs in the {Calculus of Constructions}",
        year         = 1989
}

@phdthesis{moh:89b,
        author       = "C. Paulin-Mohring",
        month        = jan,
        school       = "Paris 7",
        title        = "Extraction de programmes dans le {Calcul des Constructions}",
        type         = "Th{\`e}se d'universit{\'e}",
        year         = 1989
}

@article{pau:wer:93,
        author       = "C. Paulin-Mohring and B. Werner",
        title        = "Synthesis of ML Programs in the System {Coq}",
        journal      = "Journal of Symbolic Computation",
        pages        = "607--640",
        volume       = 15,
        year         = 1993
}

@techreport{PX,
  author      = {S. Hayashi and H. Nakano},
  title       = {{PX}, a Computational Logic},
  institution = {Research Institute for Mathematical Sciences, Kyoto University},
  year        = {1987},
}


@Manual{nuprl,
  title =        {The Nuprl Proof Development System, Version 5},
  author =       {C. Kreitz},
  organization = {Cornell University},
  address =      {Ithaca, NY},
  year =         2002,
  note = {Available at \url{http://www.nuprl.org}}
}



@incollection{minlog,
    author = "H. Benl et al.",
    title = "Proof Theory at Work: Program Development in the {M}inlog System",
    booktitle = "Automated Deduction: A Basis for Applications. Volume {II}, Systems and Implementation Techniques",
    publisher = "Kluwer Academic Publishers",
    address = "Dordrecht",
    editor = "Wolfgang Bibel and Peter H. Schmidt",
    year = "1998",
    url = "citeseer.ist.psu.edu/benl98proof.html" }

@TECHREPORT{sch:03,
  author = {H. Schwichtenberg}, 
  title = {Constructive Analysis with Witnesses}, 
  note = {Proceedings of Marktoberdorf '03 Summer School}, 
  institution = {{Ludwig-Maximilians-Universit\"{a}t, M\"{u}nchen}},
  year = 2003
}


@PhdThesis{ber:03,
 author = {S. Berghofer},
 title  = {Proofs, Programs and Executable Specifications in Higher Order 
           Logic},
 school = {Institut f{\"u}r Informatik, Technische Universit{\"a}t 
           M{\"u}nchen},
 year   = 2003
}


@article{ben:00,
 author =   "R. Benzinger",
 title =    "Automated Complexity Analysis of {Nuprl} Extracted Programs",
 journal =  "Journal of Functional Programming",
 year =     2001,
 volume =   11,
 number =   1,
 pages =    "3--31",
 month =    "January"
}

@article{aeh:ber:hof:sch:04,
   AUTHOR = {Aehlig, K. and Berger, U. and Hofmann, M. and Schwichtenberg, H.},
   TITLE = {An Arithmetic for Non-Size-Increasing Polynomial-Time Computation},
   JOURNAL = {Theoretical Computer Science},
   VOLUME = 318,
   PAGES = {3--27},
   YEAR = 2004
}

@book{mathematica,
   author    = {S. Wolfram},
   title     = {The Mathematica Book},
   note      = {Fifth Edition},
   publisher = {Wolfram Media},
   year      = 2003
}

@inproceedings{nogin00,
   author    = {Aleksey Nogin},
   title     = {Writing Constructive Proofs Yielding Efficient Extracted Programs},
   editor    = {Didier Galmiche},
   booktitle = {Proceedings of the Workshop on Type-Theoretic Languages: Proof Search and Semantics},
   volume    = 37,
   series    = {Electronic Notes in Theoretical Computer Science},
   publisher = {Elsevier Science Publishers},
   year      = 2000
}

@InProceedings{pot:01, 
  author     = {L. Pottier}, 
  title      = {Extraction dans le Calcul des Constructions Inductives},
  booktitle  = {Journ{\'e}es Francophones des Langages Applicatifs}, 
  year       = 2001
}  

