@book{bee:85,
        author       = "M. Beeson",
        title        = "Foundations of Constructive Mathematics",
        publisher    = "Springer--Verlag"
}

@inproceedings{sco:79,
        author       = "D.S. Scott",
        title        = "Identity and Existence in Intuitionistic Logic",
        pages        = "660--696",
       booktitle    = "Applications of Sheaves",
        editor       = "M.P. Fourman, C.J. Mulvey, D.S. Scott",
        publisher    = "Springer--Verlag"
 }

@inproceedings{wie:zwa:03,
        author       = "F. Wiedijk and J. Zwanenburg",
        crossref     = "tphols2003",
        pages        = "221--237",
        title        = "First Order Logic with Domain Conditions"
}

@proceedings{tphols2003,
        booktitle    = "Theorem Proving in Higher Order Logics, 16th International Conference, TPHOLs 2003",
        editor       = "D. Basin and B. Wolff",
        publisher    = "Springer--Verlag",
        series       = "LNCS",
        title        = "Theorem Proving in Higher Order Logics, 16h International Conference, TPHOLs 2003",
        volume       = "2758",
        year         = "2003"
}
