@article{geu:pol:wie:zwa:02,
        author       = "H. Geuvers and R. Pollack and F. Wiedijk and J. Zwanenburg",
        editor       = "S. Linton and R. Sebasitani",
        journal      = "Journal of Symbolic Computation, Special Issue on the Integration of Automated Reasoning and Computer Algebra Systems",
        pages        = "271--286",
        publisher    = "Elsevier",
        title        = "{The Algebraic Hierarchy of the {FTA} {P}roject}",
        year         = "2002"
}

@inproceedings{bar:bar:ruy:96,
        author       = {G. Barthe and M. Ruys and H. Barendregt},
        booktitle    = {Types for proofs and programs (Torino, 1995)},
        editor       = {S. Berardi and M. Coppo},
        pages        = {16--35},
        publisher    = {Springer Verlag},
        series       = {LNCS},
        title        = {A two-level approach towards lean proof-checking},
        volume       = {1158},
        year         = {1996}
}

@inproceedings{lcf:wie:04,
        author       = "L. Cruz-Filipe and F. Wiedijk",
        booktitle    = "Theorem Proving in Higher Order Logics, 17th International Conference, TPHOLs 2004",
        editor       = "K. Slind and A. Bunker and G. Gopalakrishnan",
        pages        = "66--81",
        publisher    = "Springer Verlag",
        series       = "LNCS",
        title        = "{Hierarchical Reflection}",
        volume       = "3223",
        year         = "2004"
}

@inproceedings{lcf:geu:wie:04,
        author       = "L. Cruz-Filipe and H. Geuvers and F. Wiedijk",
        booktitle    = "MKM 2004",
        note         = "To appear",
        publisher    = "Springer Verlag",
        series       = "LNCS",
        title        = "{C-CoRN: the Constructive Coq Repository at Nijmegen}",
        year         = 2004
}

@inproceedings{ACHA90,
        address      = {Philadelphia, Pennsylvania},
        author       = {S.F. Allen and R.L. Constable and D.J. Howe and W. Aitken},
        booktitle    = {Proceedings of the 5th Symposium on Logic in Computer Science},
        month        = jun,
        organization = {IEEE},
        pages        = {95--197},
        publisher    = {IEEE Computer Society Press},
        title        = "{The Semantics of Reflected Proof}",
        year         = 1990
}

@inproceedings{geu:wie:zwa:00,
        address      = "Berlin, Heidelberg, New York",
        author       = "H. Geuvers and F. Wiedijk and J. Zwanenburg",
        booktitle    = "Theorem Proving in Higher Order Logics, 13th International Conference, TPHOLs 2000",
        editor       = "M. Aagaard and J. Harrison",
        pages        = "162--178",
        publisher    = "Springer Verlag",
        series       = "LNCS",
        title        = "{Equational Reasoning via Partial Reflection}",
        volume       = 1869,
        year         = 2000
}

@inproceedings{HNC+03,
        author       = {J. Hickey and others},
        booktitle    = {Proceedings of the 16th International Conference on Theorem Proving in Higher Order Logics (TPHOLs 2003)},
        editor       = {D. Basin and B. Wolff},
        pages        = {287--303},
        publisher    = {Springer-Verlag},
        series       = {LNCS},
        title        = "{{MetaPRL} --- {A} Modular Logical Environment}",
        volume       = 2758,
        url          = {http://nogin.org/papers/metaprl.html},
        year         = 2003
}

@inproceedings{YNKH03,
        author       = {X. Yu and A. Nogin and A. Kopylov and J. Hickey},
        booktitle    = {16th International Conference on Theorem Proving in Higher Order Logics (TPHOLs 2003). Emerging Trends Proceedings},
        editor       = {D. Basin and B. Wolff},
        pages        = {13--27},
        publisher    = {Universit{\"a}t Freiburg},
        title        = "{Formalizing Abstract Algebra in Type Theory with Dependent Records}",
        year         = 2003
}

@article{dyb:set:03,
  author = "P. Dybjer and A. Setzer",
  title = "{Induction-recursion and initial algebras}",
  journal = "Annals of Pure and Applied Logic",
  volume = 124,
  pages = "1--47",
  year = 2003
}

@misc{ccorn,
  title = "{Constructive Coq Repository at Nijmegen}",
  note = "\url{http://c-corn.cs.kun.nl/}",
  key = "ccorn"
}

@inproceedings{bar:raa:00,
  author = "G. Barthe and F. van Raamsdonk",
  title = "{Constructor subtyping in the Calculus of Inductive Constructions}",
  booktitle = "Proceedings 3rd Int.\ Conf.\ on Foundations of Software Science and Computation Structures, FoSSaCS'2000, Berlin, Germany, 25 March -- 2 Apr 2000",
  volume = 1784,
  publisher = "Springer-Verlag",
  address = "Berlin",
  editor = "J. Tiuryn",
  pages = "17--34",
  year = 2000
}

@manual{coqmanual,
        month        = apr,
        note         = "Version $8.0$",
        organization = "The {C}oq Development Team",
        title        = "{The {C}oq Proof Assistant Reference Manual}",
        year         = "2004"
}        

@book{str:93,
        author       = "Streicher, T.",
        title        = "{Semantical Investigations into Intensional Type Theory}",
        publisher    = "{LMU M\"unchen}",
        year         = "1993",
        note         = "Habilitationsschrift"
}

@inproceedings{hof:str:96,
        author       = "Hoffman, M. and Streicher, T.",
        title        = "{The Groupoid Interpretation of Type Theory}",
        booktitle    = "Proceedings of the meeting of Twenty-five years of constructive type theory, Venice",
        editor       = "Sambin, G. and Smith, J.",
        publisher    = "Oxford University Press",
        year         = "1996"
}

@inproceedings{del:00,
        author       = "Delahaye, D.",
        title        = "{A Tactic Language for the System Coq}",
        booktitle    = "Proceedings of Logic for Programming and Automated Reasoning (LPAR), Reunion Island",
        editor       = "Parigot, M. and Voronkov, A.",
        series       = "LNCS",
        volume       = 1955,
        publisher    = "Springer-Verlag",
        pages        = "85--95",
        year         = 2000
}

@article{del:may:01,
        author       = "Delahaye, D. and Mayero, M.",
        title        = "{Field: une proc{\'e}dure de d{\'e}cision pour les nombres r{\'e}els en Coq}",
        journal      = "Journ{\'e}es Francophones des Langages Applicatifs",
        publisher    = "INRIA",
        address      = "Pontarlier",
        month        = jan,
        year         = "2001"
}

@manual{har:00,
        author       = "J. Harrison",
        title        = "The HOL Light manual (1.1)",
        year         = 2000,
        note         = "\url{http://www.cl.cam.ac.uk/users/jrh/hol-light/manual-1.1.ps.gz}"
}

@book{cha:key:90,
        author       = "Chang, C.C. and Keisler, H.J.",
	title        = "Model Theory",
	publisher    = "North-Holland",
	year         = 1990
}

@techreport{lcf:wie:04b,
        address      = "Nijmegen",
        author       = "L. Cruz-Filipe and F. Wiedijk",
        institution  = "NIII",
        month        = jul,
        number       = "NIII-R0431",
        organization = "University of Nijmegen",
        title        = "Equational Reasoning in Algebraic Structures: a Complete Tactic",
        year         = "2004"
}

@book{muz:93,
        author      = "Muzalewski, M.",
        title       = "An Outline of PC Mizar",
        publisher   = "Fondation Philippe le Hodey",
        address     = "Brussels",
	year        = 1993,
	note        = "\url{http://www.cs.kun.nl/~freek/mizar/mizarmanual.ps.gz}"
}
