@article{geu:pol:wie:zwa:02,
        author       = "H. Geuvers and R. Pollack and F. Wiedijk and J. Zwanenburg",
        editor       = "S. Linton and R. Sebasitani",
        journal      = "Journal of Symbolic Computation, Special Issue on the Integration of Automated Reasoning and Computer Algebra Systems",
        pages        = "271--286",
        publisher    = "Elsevier",
        title        = "{The Algebraic Hierarchy of the {FTA} {P}roject}",
        year         = "2002"
}

@misc{lcf:geu:wie:04,
        author       = "L. Cruz-Filipe and H. Geuvers and F. Wiedijk",
        title        = "{C-CoRN: the Constructive Coq Repository at Nijmegen}",
        note         = "To appear"
}

@inproceedings{ACHA90,
        address      = {Philadelphia, Pennsylvania},
        author       = {Allen, Stuart F. and Robert L. Constable and Douglas J. Howe and William Aitken},
        booktitle    = {Proceedings of the 5th Symposium on Logic in Computer Science},
        month        = jun,
        organization = {IEEE},
        pages        = {95--197},
        publisher    = {IEEE Computer Society Press},
        title        = "{The Semantics of Reflected Proof}",
        year         = 1990
}

@inproceedings{geu:wie:zwa:00,
        address      = "Berlin, Heidelberg, New York",
        author       = "H. Geuvers and F. Wiedijk and J. Zwanenburg",
        booktitle    = "Theorem Proving in Higher Order Logics, 13th International Conference, TPHOLs 2000",
        editor       = "M. Aagaard and J. Harrison",
        pages        = "162--178",
        publisher    = "Springer Verlag",
        series       = "LNCS",
        title        = "{Equational Reasoning via Partial Reflection}",
        volume       = 1869,
        year         = 2000
}

@inproceedings{HNC+03,
        author       = {Jason Hickey and Aleksey Nogin and Robert L.  Constable and Brian E. Aydemir and Eli Barzilay and Yegor Bryukhov and Richard Eaton and Adam Granicz and Alexei Kopylov and Christoph Kreitz and Vladimir N.  Krupski and Lori Lorigo and Stephan Schmitt and Carl Witty and Xin Yu},
        booktitle    = {Proceedings of the 16th International Conference on Theorem Proving in Higher Order Logics (TPHOLs 2003)},
        editor       = {David Basin and Burkhart Wolff},
        pages        = {287--303},
        publisher    = {Springer-Verlag},
        series       = {LNCS},
        title        = "{{MetaPRL} --- {A} Modular Logical Environment}",
        volume       = 2758,
        url          = {http://nogin.org/papers/metaprl.html},
        year         = 2003
}

@inproceedings{YNKH03,
        author       = {Xin Yu and Aleksey Nogin and Alexei Kopylov and Jason Hickey},
        booktitle    = {16th International Conference on Theorem Proving in Higher Order Logics (TPHOLs 2003). Emerging Trends Proceedings},
        editor       = {David Basin and Burkhart Wolff},
        pages        = {13--27},
        publisher    = {Universit{\"a}t Freiburg},
        title        = "{Formalizing Abstract Algebra in Type Theory with Dependent Records}",
        year         = 2003
}

@article{dyb:set:03,
  author = "Peter Dybjer and Anton Setzer",
  title = "{Induction-recursion and initial algebras}",
  journal = "Annals of Pure and Applied Logic",
  volume = 124,
  pages = "1--47",
  year = 2003
}

@misc{ccorn,
  title = "{Constructive Coq Repository at Nijmegen}",
  note = "\url{http://c-corn.cs.kun.nl/}",
  key = "ccorn"
}

@inproceedings{bar:raa:00,
  author = "Gilles Barthe and Femke van Raamsdonk",
  title = "{Constructor subtyping in the Calculus of Inductive Constructions}",
  booktitle = "Proceedings 3rd Int.\ Conf.\ on Foundations of Software Science and Computation Structures, FoSSaCS'2000, Berlin, Germany, 25 March -- 2 Apr 2000",
  volume = 1784,
  publisher = "Springer-Verlag",
  address = "Berlin",
  editor = "Jerzy Tiuryn",
  pages = "17--34",
  year = 2000
}

@manual{coqmanual,
        month        = apr,
        note         = "Version $8.0$",
        organization = "The {C}oq Development Team",
        title        = "{The {C}oq Proof Assistant Reference Manual}",
        year         = "2004"
}        

@book{str:93,
        author       = "Streicher, Thomas",
        title        = "{Semantical Investigations into Intensional Type Theory}",
        publisher    = "{LMU M\"unchen}",
        year         = "1993",
        note         = "Habilitationsschrift"
}

@inproceedings{hof:str:96,
        author       = "Hoffman, Martin and Streicher, Thomas",
        title        = "{The Groupoid Interpretation of Type Theory}",
        booktitle    = "Proceedings of the meeting of Twenty-five years of constructive type theory, Venice",
        editor       = "Sambin, Giovanni and Smith, Jan",
        publisher    = "Oxford University Press",
        year         = "1996"
}

@inproceedings{del:00,
        author       = "Delahaye, David",
        title        = "{A Tactic Language for the System Coq}",
        booktitle    = "Proceedings of Logic for Programming and Automated Reasoning (LPAR), Reunion Island",
        editor       = "Parigot, Michel and Voronkov, Andrei",
        series       = "LNCS",
        volume       = 1955,
        publisher    = "Springer-Verlag",
        pages        = "85--95",
        year         = 2000
}

@article{del:may:01,
        author       = "Delahaye, David and Mayero, Micaela",
        title        = "{Field: une proc{\'e}dure de d{\'e}cision pour les nombres r{\'e}els en Coq}",
        journal      = "Journ{\'e}es Francophones des Langages Applicatifs",
        publisher    = "INRIA",
        address      = "Pontarlier",
        month        = jan,
        year         = "2001"
}

@manual{har:00,
        author       = "John Harrison",
        title        = "The HOL Light manual (1.1)",
        year         = 2000,
        note         = "\url{http://www.cl.cam.ac.uk/users/jrh/hol-light/manual-1.1.ps.gz}"
}

